@article{Schraff2022,
  title     = {The European NUTS-level election dataset: A tool to map European electoral geography},
  author    = {Dominik Schraff and Ioannis Vergioglou and Buket Buse Demirci},
  journal   = {Party Politics},
  year      = {2022},
  volume    = {29},
  pages     = {570--579},
  doi       = {10.1177/13540688221083553}
}

@article{perez2021,
  author    = {Pérez, V. and Aybar, C. and Pavía, J.M.},
  title     = {Spanish electoral archive. SEA database},
  journal   = {Scientific Data},
  volume    = {8},
  pages     = {193},
  year      = {2021},
  doi       = {10.1038/s41597-021-00975-y},
  url       = {https://doi.org/10.1038/s41597-021-00975-y}
}

@Manual{electionsBR,
  title = {{electionsBR}: {R} Functions to Download and Clean {B}razilian Electoral Data},
  author = {Fernando Meireles and Denisson Silva and Beatriz Costa},
  year = {2016},
  url = {http://electionsbr.com/},
  note = {Accessed: 2024-08-24}
}

##############
@book{carolan2017open,
  title={Open Data in Electoral Administration},
  author={Carolan, L. and Wolf, P.},
  isbn={9789176710975},
  url={https://books.google.es/books?id=qk3XDwAAQBAJ},
  year={2017},
  publisher={International IDEA}
}


@article{doi:10.1207/s15506878jobem5002_1,
  author  = {Kate Kenski and Natalie Jomini Stroud},
  title   = {Connections Between Internet Use and Political Efficacy, Knowledge, and Participation},
  journal = {Journal of Broadcasting \& Electronic Media},
  volume  = {50},
  number  = {2},
  pages   = {173--192},
  year    = {2006},
  doi     = {10.1207/s15506878jobem5002_1},
  url     = {https://doi.org/10.1207/s15506878jobem5002_1}
}

@misc{interior2024,
  author  = {Ministerio del Interior},
  title     = {Área de Descargas - Información Electoral},
  year      = {2024},
  url       = {https://infoelectoral.interior.gob.es/es/elecciones-celebradas/area-de-descargas/},
  note      = {Accessed: 2024-08-24}
}

@misc{pollspain2024,
  author       = {Mikaela DeSmedt},
  title        = {Pollspain-data},
  year         = {2024},
  howpublished = {\url{https://github.com/mikadsr/Pollspain-data}},
  note         = {Accessed: 2024-08-24}
}

@online{wikipedia_espania_elections,
  author    = {{Wikipedia contributors}},
  title     = {Anexo: Elecciones en España},
  year      = {2024},
  url       = {https://es.wikipedia.org/wiki/Anexo:Elecciones_en_Espa%C3%B1a},
  note      = {Accessed: 2024-08-24},
  publisher = {Wikipedia, The Free Encyclopedia}
}

@misc{INE_prov_Codes,
  title        = {Código de Provincia en España},
  author       = {INE},
  year         = {2024},
  url          = {https://ine.es/daco/daco42/codmun/cod_provincia.htm},
  note         = {Accessed: 2024-08-24}
}

@misc{INE_MUN_Dictionary,
  title        = {Diccionario de Códigos de Municipios en España},
  author       = {INE},
  year         = {2024},
  url          = {https://ine.es/daco/daco42/codmun/diccionario24.xlsx},
  note         = {Accessed: 2024-08-24}
}


@techreport{europarl2019,
  author    = {{European Parliament}},
  title     = {Understanding the d'Hondt method},
  year      = {2019},
  url       = {https://www.europarl.europa.eu/RegData/etudes/BRIE/2019/637966/EPRS_BRI(2019)637966_EN.pdf},
  institution = {European Parliament},
  type      = {Briefing},
  number    = {637966},
  address   = {Brussels}
}


@misc{wikipedia2024circunscripciones,
  author       = {{Wikipedia contributors}},
  title        = {Circunscripciones electorales del Congreso de los Diputados},
  year         = {2024},
  url          = {https://es.wikipedia.org/wiki/Circunscripciones_electorales_del_Congreso_de_los_Diputados},
  note         = {Accessed: 2024-08-24},
  howpublished = {Wikipedia, The Free Encyclopedia}
}
